<record><leader>00000cas a22000007a 4500</leader><controlfield tag="001">1567236</controlfield><controlfield tag="008">750824d19261957mnuwr pe      0    0eng d</controlfield><controlfield tag="009">501</controlfield><datafield ind1=" " ind2=" " tag="010"><subfield code="a">sn 90059887 </subfield></datafield><datafield ind1=" " ind2=" " tag="040"><subfield code="a">MUL</subfield><subfield code="b">eng</subfield><subfield code="c">MUL</subfield><subfield code="d">OCL</subfield><subfield code="d">MN#</subfield><subfield code="d">DLC</subfield></datafield><datafield ind1="1" ind2=" " tag="029"><subfield code="a">AU@</subfield><subfield code="b">000025896744</subfield></datafield><datafield ind1=" " ind2=" " tag="042"><subfield code="a">msc</subfield></datafield><datafield ind1=" " ind2=" " tag="043"><subfield code="a">n-us-mn</subfield></datafield><datafield ind1=" " ind2=" " tag="052"><subfield code="a">4144</subfield><subfield code="b">M5:2E3</subfield></datafield><datafield ind1="0" ind2="0" tag="245"><subfield code="a">East Minneapolis Argus.</subfield></datafield><datafield ind1=" " ind2=" " tag="260"><subfield code="a">Minneapolis, Minn. :</subfield><subfield code="b">Lewis Duemke,</subfield><subfield code="c">1926-1957.</subfield></datafield><datafield ind1=" " ind2=" " tag="300"><subfield code="a">32 v.</subfield></datafield><datafield ind1=" " ind2=" " tag="310"><subfield code="a">Weekly</subfield></datafield><datafield ind1="0" ind2=" " tag="362"><subfield code="a">Vol. 36, no. 29 (Sept. 3, 1926)-v. 67, no. 33 (Aug. 15, 1957).</subfield></datafield><datafield ind1=" " ind2=" " tag="530"><subfield code="a">Available on microfilm from the Minnesota Historical Society.</subfield></datafield><datafield ind1=" " ind2="0" tag="651"><subfield code="a">East Minneapolis (Minneapolis, Minn.)</subfield><subfield code="v">Periodicals.</subfield></datafield><datafield ind1="0" ind2="0" tag="780"><subfield code="t">East side Argus</subfield><subfield code="w">(DLC)sn 90059886</subfield></datafield><datafield ind1="0" ind2="7" tag="785"><subfield code="t">South Minneapolis Argus</subfield></datafield><datafield ind1="0" ind2="7" tag="785"><subfield code="t">Minneapolis Argus</subfield><subfield code="w">(DLC)sn 90059888</subfield></datafield></record>